@article{DBLP:journals/coling/Merialdo94,
  author       = {Bernard M{\'{e}}rialdo},
  title        = {Tagging English Text with a Probabilistic Model},
  journal      = {Comput. Linguistics},
  volume       = {20},
  number       = {2},
  pages        = {155--171},
  year         = {1994},
  timestamp    = {Mon, 11 May 2020 15:46:26 +0200},
  biburl       = {https://dblp.org/rec/journals/coling/Merialdo94.bib},
  bibsource    = {dblp computer science bibliography, https://dblp.org}
}

@article{DBLP:journals/corr/0001KYS17,
  author       = {Wenpeng Yin and
                  Katharina Kann and
                  Mo Yu and
                  Hinrich Sch{\"{u}}tze},
  title        = {Comparative Study of {CNN} and {RNN} for Natural Language Processing},
  journal      = {CoRR},
  volume       = {abs/1702.01923},
  year         = {2017},
  url          = {http://arxiv.org/abs/1702.01923},
  eprinttype    = {arXiv},
  eprint       = {1702.01923},
  timestamp    = {Mon, 05 Aug 2019 17:00:40 +0200},
  biburl       = {https://dblp.org/rec/journals/corr/0001KYS17.bib},
  bibsource    = {dblp computer science bibliography, https://dblp.org}
}

@inproceedings{DBLP:conf/mwscas/DeyS17,
  author       = {Rahul Dey and
                  Fathi M. Salem},
  title        = {Gate-variants of Gated Recurrent Unit {(GRU)} neural networks},
  booktitle    = {{IEEE} 60th International Midwest Symposium on Circuits and Systems,
                  {MWSCAS} 2017, Boston, MA, USA, August 6-9, 2017},
  pages        = {1597--1600},
  publisher    = {{IEEE}},
  year         = {2017},
  url          = {https://doi.org/10.1109/MWSCAS.2017.8053243},
  doi          = {10.1109/MWSCAS.2017.8053243},
  timestamp    = {Mon, 09 Aug 2021 14:54:01 +0200},
  biburl       = {https://dblp.org/rec/conf/mwscas/DeyS17.bib},
  bibsource    = {dblp computer science bibliography, https://dblp.org}
}

@article{DBLP:journals/neco/HochreiterS97,
  author       = {Sepp Hochreiter and
                  J{\"{u}}rgen Schmidhuber},
  title        = {Long Short-Term Memory},
  journal      = {Neural Comput.},
  volume       = {9},
  number       = {8},
  pages        = {1735--1780},
  year         = {1997},
  url          = {https://doi.org/10.1162/neco.1997.9.8.1735},
  doi          = {10.1162/NECO.1997.9.8.1735},
  timestamp    = {Tue, 01 Sep 2020 13:12:40 +0200},
  biburl       = {https://dblp.org/rec/journals/neco/HochreiterS97.bib},
  bibsource    = {dblp computer science bibliography, https://dblp.org}
}

@inproceedings{DBLP:conf/nips/VaswaniSPUJGKP17,
  author       = {Ashish Vaswani and
                  Noam Shazeer and
                  Niki Parmar and
                  Jakob Uszkoreit and
                  Llion Jones and
                  Aidan N. Gomez and
                  Lukasz Kaiser and
                  Illia Polosukhin},
  editor       = {Isabelle Guyon and
                  Ulrike von Luxburg and
                  Samy Bengio and
                  Hanna M. Wallach and
                  Rob Fergus and
                  S. V. N. Vishwanathan and
                  Roman Garnett},
  title        = {Attention is All you Need},
  booktitle    = {Advances in Neural Information Processing Systems 30: Annual Conference
                  on Neural Information Processing Systems 2017, December 4-9, 2017,
                  Long Beach, CA, {USA}},
  pages        = {5998--6008},
  year         = {2017},
  url          = {https://proceedings.neurips.cc/paper/2017/hash/3f5ee243547dee91fbd053c1c4a845aa-Abstract.html},
  timestamp    = {Thu, 21 Jan 2021 15:15:21 +0100},
  biburl       = {https://dblp.org/rec/conf/nips/VaswaniSPUJGKP17.bib},
  bibsource    = {dblp computer science bibliography, https://dblp.org}
}

@article{DBLP:journals/csur/KottiGS23,
  author       = {Zoe Kotti and
                  Rafaila Galanopoulou and
                  Diomidis Spinellis},
  title        = {Machine Learning for Software Engineering: {A} Tertiary Study},
  journal      = {{ACM} Comput. Surv.},
  volume       = {55},
  number       = {12},
  pages        = {256:1--256:39},
  year         = {2023},
  url          = {https://doi.org/10.1145/3572905},
  doi          = {10.1145/3572905},
  timestamp    = {Fri, 02 Jun 2023 21:22:31 +0200},
  biburl       = {https://dblp.org/rec/journals/csur/KottiGS23.bib},
  bibsource    = {dblp computer science bibliography, https://dblp.org}
}

@article{DBLP:journals/tii/CuiXCCWC18,
  author       = {Zhihua Cui and
                  Fei Xue and
                  Xingjuan Cai and
                  Yang Cao and
                  Gaige Wang and
                  Jinjun Chen},
  title        = {Detection of Malicious Code Variants Based on Deep Learning},
  journal      = {{IEEE} Trans. Ind. Informatics},
  volume       = {14},
  number       = {7},
  pages        = {3187--3196},
  year         = {2018},
  url          = {https://doi.org/10.1109/TII.2018.2822680},
  doi          = {10.1109/TII.2018.2822680},
  timestamp    = {Thu, 21 May 2020 19:34:20 +0200},
  biburl       = {https://dblp.org/rec/journals/tii/CuiXCCWC18.bib},
  bibsource    = {dblp computer science bibliography, https://dblp.org}
}

@inproceedings{DBLP:conf/acl/IyerKCZ16,
  author       = {Srinivasan Iyer and
                  Ioannis Konstas and
                  Alvin Cheung and
                  Luke Zettlemoyer},
  title        = {Summarizing Source Code using a Neural Attention Model},
  booktitle    = {Proceedings of the 54th Annual Meeting of the Association for Computational
                  Linguistics, {ACL} 2016, August 7-12, 2016, Berlin, Germany, Volume
                  1: Long Papers},
  publisher    = {The Association for Computer Linguistics},
  year         = {2016},
  url          = {https://doi.org/10.18653/v1/p16-1195},
  doi          = {10.18653/V1/P16-1195},
  timestamp    = {Sun, 12 Nov 2023 02:14:31 +0100},
  biburl       = {https://dblp.org/rec/conf/acl/IyerKCZ16.bib},
  bibsource    = {dblp computer science bibliography, https://dblp.org}
}